%YAML 1.1
%TAG !u! tag:unity3d.com,2011:
--- !u!1 &401492221437214350
GameObject:
  m_ObjectHideFlags: 0
  m_CorrespondingSourceObject: {fileID: 0}
  m_PrefabInstance: {fileID: 0}
  m_PrefabAsset: {fileID: 0}
  serializedVersion: 6
  m_Component:
  - component: {fileID: 2896177381402161506}
  - component: {fileID: 5684566868440778926}
  - component: {fileID: 9008039487184811724}
  m_Layer: 0
  m_Name: Graphics
  m_TagString: Untagged
  m_Icon: {fileID: 0}
  m_NavMeshLayer: 0
  m_StaticEditorFlags: 0
  m_IsActive: 1
--- !u!4 &2896177381402161506
Transform:
  m_ObjectHideFlags: 0
  m_CorrespondingSourceObject: {fileID: 0}
  m_PrefabInstance: {fileID: 0}
  m_PrefabAsset: {fileID: 0}
  m_GameObject: {fileID: 401492221437214350}
  m_LocalRotation: {x: -0, y: -0, z: -0, w: 1}
  m_LocalPosition: {x: 0, y: 0, z: 0}
  m_LocalScale: {x: 1, y: 1, z: 1}
  m_Children: []
  m_Father: {fileID: 4775937681062671180}
  m_RootOrder: 0
  m_LocalEulerAnglesHint: {x: 0, y: 0, z: 0}
--- !u!33 &5684566868440778926
MeshFilter:
  m_ObjectHideFlags: 0
  m_CorrespondingSourceObject: {fileID: 0}
  m_PrefabInstance: {fileID: 0}
  m_PrefabAsset: {fileID: 0}
  m_GameObject: {fileID: 401492221437214350}
  m_Mesh: {fileID: 10208, guid: 0000000000000000e000000000000000, type: 0}
--- !u!23 &9008039487184811724
MeshRenderer:
  m_ObjectHideFlags: 0
  m_CorrespondingSourceObject: {fileID: 0}
  m_PrefabInstance: {fileID: 0}
  m_PrefabAsset: {fileID: 0}
  m_GameObject: {fileID: 401492221437214350}
  m_Enabled: 1
  m_CastShadows: 1
  m_ReceiveShadows: 1
  m_DynamicOccludee: 1
  m_StaticShadowCaster: 0
  m_MotionVectors: 1
  m_LightProbeUsage: 1
  m_ReflectionProbeUsage: 1
  m_RayTracingMode: 2
  m_RayTraceProcedural: 0
  m_RenderingLayerMask: 1
  m_RendererPriority: 0
  m_Materials:
  - {fileID: 10303, guid: 0000000000000000f000000000000000, type: 0}
  m_StaticBatchInfo:
    firstSubMesh: 0
    subMeshCount: 0
  m_StaticBatchRoot: {fileID: 0}
  m_ProbeAnchor: {fileID: 0}
  m_LightProbeVolumeOverride: {fileID: 0}
  m_ScaleInLightmap: 1
  m_ReceiveGI: 1
  m_PreserveUVs: 0
  m_IgnoreNormalsForChartDetection: 0
  m_ImportantGI: 0
  m_StitchLightmapSeams: 1
  m_SelectedEditorRenderState: 3
  m_MinimumChartSize: 4
  m_AutoUVMaxDistance: 0.5
  m_AutoUVMaxAngle: 89
  m_LightmapParameters: {fileID: 0}
  m_SortingLayerID: 0
  m_SortingLayer: 0
  m_SortingOrder: 0
  m_AdditionalVertexStreams: {fileID: 0}
--- !u!1 &1151907787648275502
GameObject:
  m_ObjectHideFlags: 0
  m_CorrespondingSourceObject: {fileID: 0}
  m_PrefabInstance: {fileID: 0}
  m_PrefabAsset: {fileID: 0}
  serializedVersion: 6
  m_Component:
  - component: {fileID: 5386700549750086110}
  - component: {fileID: 5179648575153949529}
  m_Layer: 0
  m_Name: EquipmentManager
  m_TagString: Untagged
  m_Icon: {fileID: 0}
  m_NavMeshLayer: 0
  m_StaticEditorFlags: 0
  m_IsActive: 1
--- !u!4 &5386700549750086110
Transform:
  m_ObjectHideFlags: 0
  m_CorrespondingSourceObject: {fileID: 0}
  m_PrefabInstance: {fileID: 0}
  m_PrefabAsset: {fileID: 0}
  m_GameObject: {fileID: 1151907787648275502}
  m_LocalRotation: {x: -0, y: -0, z: -0, w: 1}
  m_LocalPosition: {x: 0, y: 0, z: 0}
  m_LocalScale: {x: 1, y: 1, z: 1}
  m_Children:
  - {fileID: 1055434081094240058}
  - {fileID: 1009398737958094217}
  - {fileID: 8328362064522862954}
  m_Father: {fileID: 4775937681062671180}
  m_RootOrder: 1
  m_LocalEulerAnglesHint: {x: 0, y: 0, z: 0}
--- !u!114 &5179648575153949529
MonoBehaviour:
  m_ObjectHideFlags: 0
  m_CorrespondingSourceObject: {fileID: 0}
  m_PrefabInstance: {fileID: 0}
  m_PrefabAsset: {fileID: 0}
  m_GameObject: {fileID: 1151907787648275502}
  m_Enabled: 1
  m_EditorHideFlags: 0
  m_Script: {fileID: 11500000, guid: d6762a90aeb0a56499a42944febebbed, type: 3}
  m_Name: 
  m_EditorClassIdentifier: 
--- !u!1 &2046392256636794123
GameObject:
  m_ObjectHideFlags: 0
  m_CorrespondingSourceObject: {fileID: 0}
  m_PrefabInstance: {fileID: 0}
  m_PrefabAsset: {fileID: 0}
  serializedVersion: 6
  m_Component:
  - component: {fileID: 1009398737958094217}
  m_Layer: 0
  m_Name: SecondaryWeapon
  m_TagString: Untagged
  m_Icon: {fileID: 0}
  m_NavMeshLayer: 0
  m_StaticEditorFlags: 0
  m_IsActive: 1
--- !u!4 &1009398737958094217
Transform:
  m_ObjectHideFlags: 0
  m_CorrespondingSourceObject: {fileID: 0}
  m_PrefabInstance: {fileID: 0}
  m_PrefabAsset: {fileID: 0}
  m_GameObject: {fileID: 2046392256636794123}
  m_LocalRotation: {x: 0, y: 0, z: 0, w: 1}
  m_LocalPosition: {x: 0, y: 0, z: 0}
  m_LocalScale: {x: 1, y: 1, z: 1}
  m_Children:
  - {fileID: 2480523029339614360}
  m_Father: {fileID: 5386700549750086110}
  m_RootOrder: 1
  m_LocalEulerAnglesHint: {x: 0, y: 0, z: 0}
--- !u!1 &4161935815003907118
GameObject:
  m_ObjectHideFlags: 0
  m_CorrespondingSourceObject: {fileID: 0}
  m_PrefabInstance: {fileID: 0}
  m_PrefabAsset: {fileID: 0}
  serializedVersion: 6
  m_Component:
  - component: {fileID: 8328362064522862954}
  m_Layer: 0
  m_Name: MeleeWeapon
  m_TagString: Untagged
  m_Icon: {fileID: 0}
  m_NavMeshLayer: 0
  m_StaticEditorFlags: 0
  m_IsActive: 1
--- !u!4 &8328362064522862954
Transform:
  m_ObjectHideFlags: 0
  m_CorrespondingSourceObject: {fileID: 0}
  m_PrefabInstance: {fileID: 0}
  m_PrefabAsset: {fileID: 0}
  m_GameObject: {fileID: 4161935815003907118}
  m_LocalRotation: {x: 0, y: 0, z: 0, w: 1}
  m_LocalPosition: {x: 0, y: 0, z: 0}
  m_LocalScale: {x: 1, y: 1, z: 1}
  m_Children:
  - {fileID: 2612109225642607980}
  m_Father: {fileID: 5386700549750086110}
  m_RootOrder: 2
  m_LocalEulerAnglesHint: {x: 0, y: 0, z: 0}
--- !u!1 &6269288688933151924
GameObject:
  m_ObjectHideFlags: 0
  m_CorrespondingSourceObject: {fileID: 0}
  m_PrefabInstance: {fileID: 0}
  m_PrefabAsset: {fileID: 0}
  serializedVersion: 6
  m_Component:
  - component: {fileID: 4775937681062671180}
  m_Layer: 0
  m_Name: TestCharacter
  m_TagString: Untagged
  m_Icon: {fileID: 0}
  m_NavMeshLayer: 0
  m_StaticEditorFlags: 0
  m_IsActive: 1
--- !u!4 &4775937681062671180
Transform:
  m_ObjectHideFlags: 0
  m_CorrespondingSourceObject: {fileID: 0}
  m_PrefabInstance: {fileID: 0}
  m_PrefabAsset: {fileID: 0}
  m_GameObject: {fileID: 6269288688933151924}
  m_LocalRotation: {x: 0, y: 0, z: 0, w: 1}
  m_LocalPosition: {x: 0, y: 0, z: 0}
  m_LocalScale: {x: 1, y: 1, z: 1}
  m_Children:
  - {fileID: 2896177381402161506}
  - {fileID: 5386700549750086110}
  m_Father: {fileID: 0}
  m_RootOrder: 0
  m_LocalEulerAnglesHint: {x: 0, y: 0, z: 0}
--- !u!1 &7409729461315870466
GameObject:
  m_ObjectHideFlags: 0
  m_CorrespondingSourceObject: {fileID: 0}
  m_PrefabInstance: {fileID: 0}
  m_PrefabAsset: {fileID: 0}
  serializedVersion: 6
  m_Component:
  - component: {fileID: 1055434081094240058}
  m_Layer: 0
  m_Name: PrimaryWeapon
  m_TagString: Untagged
  m_Icon: {fileID: 0}
  m_NavMeshLayer: 0
  m_StaticEditorFlags: 0
  m_IsActive: 1
--- !u!4 &1055434081094240058
Transform:
  m_ObjectHideFlags: 0
  m_CorrespondingSourceObject: {fileID: 0}
  m_PrefabInstance: {fileID: 0}
  m_PrefabAsset: {fileID: 0}
  m_GameObject: {fileID: 7409729461315870466}
  m_LocalRotation: {x: 0, y: 0, z: 0, w: 1}
  m_LocalPosition: {x: 0, y: 0, z: 0}
  m_LocalScale: {x: 1, y: 1, z: 1}
  m_Children:
  - {fileID: 7826710902847045075}
  - {fileID: 6715147099682433730}
  - {fileID: 7489326696093127724}
  m_Father: {fileID: 5386700549750086110}
  m_RootOrder: 0
  m_LocalEulerAnglesHint: {x: 0, y: 0, z: 0}
--- !u!1001 &2638949307640217845
PrefabInstance:
  m_ObjectHideFlags: 0
  serializedVersion: 2
  m_Modification:
    m_TransformParent: {fileID: 1009398737958094217}
    m_Modifications:
    - target: {fileID: 501017643228998763, guid: 1fc1e502bd7ad054ca67838a51eabeeb, type: 3}
      propertyPath: m_Name
      value: Pistol
      objectReference: {fileID: 0}
    - target: {fileID: 501017643228998763, guid: 1fc1e502bd7ad054ca67838a51eabeeb, type: 3}
      propertyPath: m_IsActive
      value: 0
      objectReference: {fileID: 0}
    - target: {fileID: 501017643228998765, guid: 1fc1e502bd7ad054ca67838a51eabeeb, type: 3}
      propertyPath: m_RootOrder
      value: 0
      objectReference: {fileID: 0}
    - target: {fileID: 501017643228998765, guid: 1fc1e502bd7ad054ca67838a51eabeeb, type: 3}
      propertyPath: m_LocalPosition.x
      value: 0
      objectReference: {fileID: 0}
    - target: {fileID: 501017643228998765, guid: 1fc1e502bd7ad054ca67838a51eabeeb, type: 3}
      propertyPath: m_LocalPosition.y
      value: 0
      objectReference: {fileID: 0}
    - target: {fileID: 501017643228998765, guid: 1fc1e502bd7ad054ca67838a51eabeeb, type: 3}
      propertyPath: m_LocalPosition.z
      value: 0
      objectReference: {fileID: 0}
    - target: {fileID: 501017643228998765, guid: 1fc1e502bd7ad054ca67838a51eabeeb, type: 3}
      propertyPath: m_LocalRotation.w
      value: 1
      objectReference: {fileID: 0}
    - target: {fileID: 501017643228998765, guid: 1fc1e502bd7ad054ca67838a51eabeeb, type: 3}
      propertyPath: m_LocalRotation.x
      value: 0
      objectReference: {fileID: 0}
    - target: {fileID: 501017643228998765, guid: 1fc1e502bd7ad054ca67838a51eabeeb, type: 3}
      propertyPath: m_LocalRotation.y
      value: 0
      objectReference: {fileID: 0}
    - target: {fileID: 501017643228998765, guid: 1fc1e502bd7ad054ca67838a51eabeeb, type: 3}
      propertyPath: m_LocalRotation.z
      value: 0
      objectReference: {fileID: 0}
    - target: {fileID: 501017643228998765, guid: 1fc1e502bd7ad054ca67838a51eabeeb, type: 3}
      propertyPath: m_LocalEulerAnglesHint.x
      value: 0
      objectReference: {fileID: 0}
    - target: {fileID: 501017643228998765, guid: 1fc1e502bd7ad054ca67838a51eabeeb, type: 3}
      propertyPath: m_LocalEulerAnglesHint.y
      value: 0
      objectReference: {fileID: 0}
    - target: {fileID: 501017643228998765, guid: 1fc1e502bd7ad054ca67838a51eabeeb, type: 3}
      propertyPath: m_LocalEulerAnglesHint.z
      value: 0
      objectReference: {fileID: 0}
    m_RemovedComponents: []
  m_SourcePrefab: {fileID: 100100000, guid: 1fc1e502bd7ad054ca67838a51eabeeb, type: 3}
--- !u!4 &2480523029339614360 stripped
Transform:
  m_CorrespondingSourceObject: {fileID: 501017643228998765, guid: 1fc1e502bd7ad054ca67838a51eabeeb, type: 3}
  m_PrefabInstance: {fileID: 2638949307640217845}
  m_PrefabAsset: {fileID: 0}
--- !u!1001 &3228961565845837186
PrefabInstance:
  m_ObjectHideFlags: 0
  serializedVersion: 2
  m_Modification:
    m_TransformParent: {fileID: 8328362064522862954}
    m_Modifications:
    - target: {fileID: 616853442141589742, guid: b92c9ef2050f2444d84176fff2a32f86, type: 3}
      propertyPath: m_RootOrder
      value: 0
      objectReference: {fileID: 0}
    - target: {fileID: 616853442141589742, guid: b92c9ef2050f2444d84176fff2a32f86, type: 3}
      propertyPath: m_LocalPosition.x
      value: 0
      objectReference: {fileID: 0}
    - target: {fileID: 616853442141589742, guid: b92c9ef2050f2444d84176fff2a32f86, type: 3}
      propertyPath: m_LocalPosition.y
      value: 0
      objectReference: {fileID: 0}
    - target: {fileID: 616853442141589742, guid: b92c9ef2050f2444d84176fff2a32f86, type: 3}
      propertyPath: m_LocalPosition.z
      value: 0
      objectReference: {fileID: 0}
    - target: {fileID: 616853442141589742, guid: b92c9ef2050f2444d84176fff2a32f86, type: 3}
      propertyPath: m_LocalRotation.w
      value: 1
      objectReference: {fileID: 0}
    - target: {fileID: 616853442141589742, guid: b92c9ef2050f2444d84176fff2a32f86, type: 3}
      propertyPath: m_LocalRotation.x
      value: 0
      objectReference: {fileID: 0}
    - target: {fileID: 616853442141589742, guid: b92c9ef2050f2444d84176fff2a32f86, type: 3}
      propertyPath: m_LocalRotation.y
      value: 0
      objectReference: {fileID: 0}
    - target: {fileID: 616853442141589742, guid: b92c9ef2050f2444d84176fff2a32f86, type: 3}
      propertyPath: m_LocalRotation.z
      value: 0
      objectReference: {fileID: 0}
    - target: {fileID: 616853442141589742, guid: b92c9ef2050f2444d84176fff2a32f86, type: 3}
      propertyPath: m_LocalEulerAnglesHint.x
      value: 0
      objectReference: {fileID: 0}
    - target: {fileID: 616853442141589742, guid: b92c9ef2050f2444d84176fff2a32f86, type: 3}
      propertyPath: m_LocalEulerAnglesHint.y
      value: 0
      objectReference: {fileID: 0}
    - target: {fileID: 616853442141589742, guid: b92c9ef2050f2444d84176fff2a32f86, type: 3}
      propertyPath: m_LocalEulerAnglesHint.z
      value: 0
      objectReference: {fileID: 0}
    - target: {fileID: 616853442141590288, guid: b92c9ef2050f2444d84176fff2a32f86, type: 3}
      propertyPath: m_Name
      value: Fists
      objectReference: {fileID: 0}
    - target: {fileID: 616853442141590288, guid: b92c9ef2050f2444d84176fff2a32f86, type: 3}
      propertyPath: m_IsActive
      value: 0
      objectReference: {fileID: 0}
    m_RemovedComponents: []
  m_SourcePrefab: {fileID: 100100000, guid: b92c9ef2050f2444d84176fff2a32f86, type: 3}
--- !u!4 &2612109225642607980 stripped
Transform:
  m_CorrespondingSourceObject: {fileID: 616853442141589742, guid: b92c9ef2050f2444d84176fff2a32f86, type: 3}
  m_PrefabInstance: {fileID: 3228961565845837186}
  m_PrefabAsset: {fileID: 0}
--- !u!1001 &3385455411683468496
PrefabInstance:
  m_ObjectHideFlags: 0
  serializedVersion: 2
  m_Modification:
    m_TransformParent: {fileID: 1055434081094240058}
    m_Modifications:
    - target: {fileID: 5266083667103068412, guid: 1b31e450752265347a36380dc323bde0, type: 3}
      propertyPath: m_RootOrder
      value: 2
      objectReference: {fileID: 0}
    - target: {fileID: 5266083667103068412, guid: 1b31e450752265347a36380dc323bde0, type: 3}
      propertyPath: m_LocalPosition.x
      value: 0
      objectReference: {fileID: 0}
    - target: {fileID: 5266083667103068412, guid: 1b31e450752265347a36380dc323bde0, type: 3}
      propertyPath: m_LocalPosition.y
      value: 0
      objectReference: {fileID: 0}
    - target: {fileID: 5266083667103068412, guid: 1b31e450752265347a36380dc323bde0, type: 3}
      propertyPath: m_LocalPosition.z
      value: 0
      objectReference: {fileID: 0}
    - target: {fileID: 5266083667103068412, guid: 1b31e450752265347a36380dc323bde0, type: 3}
      propertyPath: m_LocalRotation.w
      value: 1
      objectReference: {fileID: 0}
    - target: {fileID: 5266083667103068412, guid: 1b31e450752265347a36380dc323bde0, type: 3}
      propertyPath: m_LocalRotation.x
      value: 0
      objectReference: {fileID: 0}
    - target: {fileID: 5266083667103068412, guid: 1b31e450752265347a36380dc323bde0, type: 3}
      propertyPath: m_LocalRotation.y
      value: 0
      objectReference: {fileID: 0}
    - target: {fileID: 5266083667103068412, guid: 1b31e450752265347a36380dc323bde0, type: 3}
      propertyPath: m_LocalRotation.z
      value: 0
      objectReference: {fileID: 0}
    - target: {fileID: 5266083667103068412, guid: 1b31e450752265347a36380dc323bde0, type: 3}
      propertyPath: m_LocalEulerAnglesHint.x
      value: 0
      objectReference: {fileID: 0}
    - target: {fileID: 5266083667103068412, guid: 1b31e450752265347a36380dc323bde0, type: 3}
      propertyPath: m_LocalEulerAnglesHint.y
      value: 0
      objectReference: {fileID: 0}
    - target: {fileID: 5266083667103068412, guid: 1b31e450752265347a36380dc323bde0, type: 3}
      propertyPath: m_LocalEulerAnglesHint.z
      value: 0
      objectReference: {fileID: 0}
    - target: {fileID: 5266083667103068414, guid: 1b31e450752265347a36380dc323bde0, type: 3}
      propertyPath: m_Name
      value: Chaingun
      objectReference: {fileID: 0}
    - target: {fileID: 5266083667103068414, guid: 1b31e450752265347a36380dc323bde0, type: 3}
      propertyPath: m_IsActive
      value: 0
      objectReference: {fileID: 0}
    m_RemovedComponents: []
  m_SourcePrefab: {fileID: 100100000, guid: 1b31e450752265347a36380dc323bde0, type: 3}
--- !u!4 &7489326696093127724 stripped
Transform:
  m_CorrespondingSourceObject: {fileID: 5266083667103068412, guid: 1b31e450752265347a36380dc323bde0, type: 3}
  m_PrefabInstance: {fileID: 3385455411683468496}
  m_PrefabAsset: {fileID: 0}
--- !u!1001 &7301133007980789989
PrefabInstance:
  m_ObjectHideFlags: 0
  serializedVersion: 2
  m_Modification:
    m_TransformParent: {fileID: 1055434081094240058}
    m_Modifications:
    - target: {fileID: 706156741239045430, guid: 9989363eede761c449b33dba3aa77708, type: 3}
      propertyPath: m_RootOrder
      value: 0
      objectReference: {fileID: 0}
    - target: {fileID: 706156741239045430, guid: 9989363eede761c449b33dba3aa77708, type: 3}
      propertyPath: m_LocalPosition.x
      value: 0
      objectReference: {fileID: 0}
    - target: {fileID: 706156741239045430, guid: 9989363eede761c449b33dba3aa77708, type: 3}
      propertyPath: m_LocalPosition.y
      value: 0
      objectReference: {fileID: 0}
    - target: {fileID: 706156741239045430, guid: 9989363eede761c449b33dba3aa77708, type: 3}
      propertyPath: m_LocalPosition.z
      value: 0
      objectReference: {fileID: 0}
    - target: {fileID: 706156741239045430, guid: 9989363eede761c449b33dba3aa77708, type: 3}
      propertyPath: m_LocalRotation.w
      value: 1
      objectReference: {fileID: 0}
    - target: {fileID: 706156741239045430, guid: 9989363eede761c449b33dba3aa77708, type: 3}
      propertyPath: m_LocalRotation.x
      value: 0
      objectReference: {fileID: 0}
    - target: {fileID: 706156741239045430, guid: 9989363eede761c449b33dba3aa77708, type: 3}
      propertyPath: m_LocalRotation.y
      value: 0
      objectReference: {fileID: 0}
    - target: {fileID: 706156741239045430, guid: 9989363eede761c449b33dba3aa77708, type: 3}
      propertyPath: m_LocalRotation.z
      value: 0
      objectReference: {fileID: 0}
    - target: {fileID: 706156741239045430, guid: 9989363eede761c449b33dba3aa77708, type: 3}
      propertyPath: m_LocalEulerAnglesHint.x
      value: 0
      objectReference: {fileID: 0}
    - target: {fileID: 706156741239045430, guid: 9989363eede761c449b33dba3aa77708, type: 3}
      propertyPath: m_LocalEulerAnglesHint.y
      value: 0
      objectReference: {fileID: 0}
    - target: {fileID: 706156741239045430, guid: 9989363eede761c449b33dba3aa77708, type: 3}
      propertyPath: m_LocalEulerAnglesHint.z
      value: 0
      objectReference: {fileID: 0}
    - target: {fileID: 9154800375375726522, guid: 9989363eede761c449b33dba3aa77708, type: 3}
      propertyPath: m_Name
      value: Rocket Launcher
      objectReference: {fileID: 0}
    - target: {fileID: 9154800375375726522, guid: 9989363eede761c449b33dba3aa77708, type: 3}
      propertyPath: m_IsActive
      value: 0
      objectReference: {fileID: 0}
    m_RemovedComponents: []
  m_SourcePrefab: {fileID: 100100000, guid: 9989363eede761c449b33dba3aa77708, type: 3}
--- !u!4 &7826710902847045075 stripped
Transform:
  m_CorrespondingSourceObject: {fileID: 706156741239045430, guid: 9989363eede761c449b33dba3aa77708, type: 3}
  m_PrefabInstance: {fileID: 7301133007980789989}
  m_PrefabAsset: {fileID: 0}
--- !u!1001 &7325714000089773880
PrefabInstance:
  m_ObjectHideFlags: 0
  serializedVersion: 2
  m_Modification:
    m_TransformParent: {fileID: 1055434081094240058}
    m_Modifications:
    - target: {fileID: 4078806216302927301, guid: fc93bc2a2a263014d95ec66b4ae685e0, type: 3}
      propertyPath: m_Name
      value: FRAK Cannon
      objectReference: {fileID: 0}
    - target: {fileID: 4078806216302927301, guid: fc93bc2a2a263014d95ec66b4ae685e0, type: 3}
      propertyPath: m_IsActive
      value: 0
      objectReference: {fileID: 0}
    - target: {fileID: 4078806216302927354, guid: fc93bc2a2a263014d95ec66b4ae685e0, type: 3}
      propertyPath: m_RootOrder
      value: 1
      objectReference: {fileID: 0}
    - target: {fileID: 4078806216302927354, guid: fc93bc2a2a263014d95ec66b4ae685e0, type: 3}
      propertyPath: m_LocalPosition.x
      value: 0
      objectReference: {fileID: 0}
    - target: {fileID: 4078806216302927354, guid: fc93bc2a2a263014d95ec66b4ae685e0, type: 3}
      propertyPath: m_LocalPosition.y
      value: 0
      objectReference: {fileID: 0}
    - target: {fileID: 4078806216302927354, guid: fc93bc2a2a263014d95ec66b4ae685e0, type: 3}
      propertyPath: m_LocalPosition.z
      value: 0
      objectReference: {fileID: 0}
    - target: {fileID: 4078806216302927354, guid: fc93bc2a2a263014d95ec66b4ae685e0, type: 3}
      propertyPath: m_LocalRotation.w
      value: 1
      objectReference: {fileID: 0}
    - target: {fileID: 4078806216302927354, guid: fc93bc2a2a263014d95ec66b4ae685e0, type: 3}
      propertyPath: m_LocalRotation.x
      value: -0
      objectReference: {fileID: 0}
    - target: {fileID: 4078806216302927354, guid: fc93bc2a2a263014d95ec66b4ae685e0, type: 3}
      propertyPath: m_LocalRotation.y
      value: -0
      objectReference: {fileID: 0}
    - target: {fileID: 4078806216302927354, guid: fc93bc2a2a263014d95ec66b4ae685e0, type: 3}
      propertyPath: m_LocalRotation.z
      value: -0
      objectReference: {fileID: 0}
    - target: {fileID: 4078806216302927354, guid: fc93bc2a2a263014d95ec66b4ae685e0, type: 3}
      propertyPath: m_LocalEulerAnglesHint.x
      value: 0
      objectReference: {fileID: 0}
    - target: {fileID: 4078806216302927354, guid: fc93bc2a2a263014d95ec66b4ae685e0, type: 3}
      propertyPath: m_LocalEulerAnglesHint.y
      value: 0
      objectReference: {fileID: 0}
    - target: {fileID: 4078806216302927354, guid: fc93bc2a2a263014d95ec66b4ae685e0, type: 3}
      propertyPath: m_LocalEulerAnglesHint.z
      value: 0
      objectReference: {fileID: 0}
    m_RemovedComponents: []
  m_SourcePrefab: {fileID: 100100000, guid: fc93bc2a2a263014d95ec66b4ae685e0, type: 3}
--- !u!4 &6715147099682433730 stripped
Transform:
  m_CorrespondingSourceObject: {fileID: 4078806216302927354, guid: fc93bc2a2a263014d95ec66b4ae685e0, type: 3}
  m_PrefabInstance: {fileID: 7325714000089773880}
  m_PrefabAsset: {fileID: 0}
